@article{wein07,
  title={Lead-acid and lithium-ion batteries for the Chinese electric bike market and implications on future technology advancement},
  author={Weinert, Jonathan X and Burke, Andrew F and Wei, Xuezhe},
  journal={Journal of Power Sources},
  volume={172},
  number={2},
  pages={938--945},
  year={2007},
  publisher={Elsevier}
}


